@misc{slaybaugh,
    author    = "Rachel Slaybaugh",
    title     = "2-D Finite Difference/Volume Methods",
    url       = "http://rachelslaybaugh.github.io/NE155/24-2d-fd-fvm/24-2d-fd-fvm.pdf"
}

@article{Hadjidimos2000177,
title = "Successive overrelaxation (SOR) and related methods ",
journal = "Journal of Computational and Applied Mathematics ",
volume = "123",
number = "1â2",
pages = "177 - 199",
year = "2000",
note = "Numerical Analysis 2000. Vol. III: Linear Algebra ",
issn = "0377-0427",
doi = "https://doi.org/10.1016/S0377-0427(00)00403-9",
url = "http://www.sciencedirect.com/science/article/pii/S0377042700004039",
author = "A. Hadjidimos",
keywords = "Iterative methods",
keywords = "Jacobi method",
keywords = "GaussâSeidel method",
keywords = "SOR methods "
}
